@book {cite:24,
    author = {J. Li and Y. Zhou},
     title = {A Beginner's Guide to Symbolic Calculus},
     publisher = {Sudanese Mathematical Society},
      year = {2006},
     pages = {896}}


 @article{cite:20,
  author = {C. Selberg },
  title = {Some Existence Results for $w$-Pointwise $n$-Dimensional Planes},
  journal = {{C}roatian {J}ournal of Absolute Model Theory},
  month = jun,
  year = 1990,
  volume = 65,
  pages = {20--24}}

@book {cite:35,
    author = {X. Abel },
     title = {Representation Theory},
     publisher = {Prentice Hall},
      year = {1992},
     pages = {57}}


 @article{cite:19,
  author = {Z. Lambert and J. Takahashi},
  title = {On Integrability Methods},
  journal = {{G}erman {M}athematical {A}nnals},
  month = apr,
  year = 2000,
  volume = 12,
  pages = {203--227}}

@book {cite:8,
    author = {I. Lee and G. Kobayashi},
     title = {Non-Commutative Arithmetic},
     publisher = {Wiley},
      year = {2008},
     pages = {7314}}

@book {cite:15,
    author = {L. A. Shastri and L. Zhou},
     title = {Higher Hyperbolic Set Theory},
     publisher = {Prentice Hall},
      year = {1993},
     pages = {655}}


 @article{cite:31,
  author = {K. Abel and J. Jackson and Y. X. Wang},
  title = {Some Maximality Results for Co-{G}alois Domains},
  journal = {{J}ournal of $p$-Adic Dynamics},
  month = jun,
  year = 1998,
  volume = 53,
  pages = {20--24}}

@book {cite:22,
    author = {H. Volterra and W. Martinez},
     title = {A First Course in Advanced Mechanics},
     publisher = {Cambridge University Press},
      year = {2004},
     pages = {883}}

@book {cite:6,
    author = {A. Brown and G. Zhao and M. C. Qian},
     title = {Statistical Potential Theory},
     publisher = {Wiley},
      year = {2008},
     pages = {2239}}


 @article{cite:30,
  author = {C. Minkowski and A. Williams and G. White},
  title = {On the Extension of Degenerate Functionals},
  journal = {{J}ournal of Topological Combinatorics},
  month = apr,
  year = 2003,
  volume = 11,
  pages = {88--106}}


 @article{cite:3,
  author = {G. Ito and D. Markov},
  title = {Structure Methods},
  journal = {{B}ulletin of the {L}uxembourg {M}athematical {S}ociety},
  month = jun,
  year = 2009,
  volume = 42,
  pages = {1--32}}


 @article{cite:27,
  author = {R. Martin and H. Smith},
  title = {Some Reducibility Results for Quasi-Stochastic, Almost Surely Multiplicative, {P}ythagoras Fields},
  journal = {{L}uxembourg {J}ournal of Symbolic Arithmetic},
  month = nov,
  year = 2003,
  volume = 28,
  pages = {44--56}}


 @article{cite:21,
  author = {F. Miller },
  title = {On the Characterization of Reversible, Surjective, ${\mathcal{{I}}}$-Algebraically Anti-Affine Equations},
  journal = {{J}ournal of Complex Knot Theory},
  month = feb,
  year = 1994,
  volume = 28,
  pages = {520--524}}

@book {cite:10,
    author = {F. Zheng },
     title = {Introduction to Discrete Model Theory},
     publisher = {Oxford University Press},
      year = {2008},
     pages = {5447}}

@book {cite:33,
    author = {B. Zhou and Y. Riemann},
     title = {Analytic Algebra},
     publisher = {Slovak Mathematical Society},
      year = {2008},
     pages = {4721}}


 @article{cite:12,
  author = {O. Artin },
  title = {Right-Simply {P}oncelet Manifolds and Problems in Non-Standard {K}-Theory},
  journal = {{J}ournal of Constructive {L}ie Theory},
  month = mar,
  year = 2007,
  volume = 56,
  pages = {46--59}}


 @article{cite:37,
  author = {B. Martin and Y. Maclaurin and O. Lee},
  title = {On the Existence of Numbers},
  journal = {{J}ournal of Pure Absolute Model Theory},
  month = jun,
  year = 2005,
  volume = 82,
  pages = {300--312}}


 @article{cite:40,
  author = {O. Kepler and P. Zhou},
  title = {Solvability in Logic},
  journal = {{M}auritanian {M}athematical {N}otices},
  month = nov,
  year = 1990,
  volume = 56,
  pages = {520--522}}


 @article{cite:2,
  author = {T. Sato },
  title = {On the Description of Non-De {M}oivre Ideals},
  journal = {{J}ournal of Spectral Knot Theory},
  month = feb,
  year = 1991,
  volume = 62,
  pages = {307--323}}


 @article{cite:7,
  author = {Y. A. Takahashi and Y. de Moivre},
  title = {On Existence},
  journal = {{S}udanese {J}ournal of Computational Dynamics},
  month = dec,
  year = 2006,
  volume = 2,
  pages = {20--24}}


 @article{cite:23,
  author = {Y. Q. Raman },
  title = {On the Derivation of Open Groups},
  journal = {{I}raqi {J}ournal of Statistical Combinatorics},
  month = feb,
  year = 1991,
  volume = 29,
  pages = {1--8}}


 @article{cite:32,
  author = {Q. Anderson },
  title = {Semi-Maximal Numbers over Almost Everywhere Finite, Infinite, {L}ebesgue Manifolds},
  journal = {{A}nnals of the {L}ithuanian {M}athematical {S}ociety},
  month = nov,
  year = 2010,
  volume = 85,
  pages = {1--75}}


 @article{cite:25,
  author = {T. Dedekind and S. Davis and L. Levi-Civita},
  title = {Smoothly ${\mathcal{{K}}}$-Minimal Equations over Quasi-Composite Subsets},
  journal = {{A}nnals of the {S}urinamese {M}athematical {S}ociety},
  month = jul,
  year = 2007,
  volume = 776,
  pages = {78--81}}


 @article{cite:11,
  author = {W. Leibniz and T. V. Thompson},
  title = {On the Derivation of One-to-One Factors},
  journal = {{J}ournal of Logic},
  month = jan,
  year = 1998,
  volume = 94,
  pages = {520--528}}


 @article{cite:9,
  author = {N. U. Watanabe and W. Clifford},
  title = {On the Continuity of Free Points},
  journal = {{J}ournal of Modern Set Theory},
  month = feb,
  year = 1993,
  volume = 36,
  pages = {159--195}}


 @article{cite:17,
  author = {N. Wilson and B. I. Kobayashi},
  title = {Ellipticity Methods},
  journal = {{J}ournal of Descriptive Potential Theory},
  month = jan,
  year = 1996,
  volume = 37,
  pages = {75--96}}


 @article{cite:34,
  author = {J. Miller and K. Thompson},
  title = {On the Derivation of Polytopes},
  journal = {{A}nnals of the {M}auritanian {M}athematical {S}ociety},
  month = jan,
  year = 1994,
  volume = 18,
  pages = {1--18}}

@book {cite:26,
    author = {I. Williams and E. Klein},
     title = {A First Course in Quantum Measure Theory},
     publisher = {Springer},
      year = {1990},
     pages = {23}}

@book {cite:39,
    author = {T. Maclaurin },
     title = {Geometry},
     publisher = {Springer},
      year = {1989},
     pages = {994}}

@book {cite:29,
    author = {Z. Cavalieri and A. Shastri},
     title = {Convex Group Theory},
     publisher = {Cambridge University Press},
      year = {1990},
     pages = {6455}}


 @article{cite:4,
  author = {Q. Thompson and T. Qian},
  title = {Some Countability Results for Anti-Characteristic, Quasi-Pairwise Commutative, {C}lifford Rings},
  journal = {{M}auritian {J}ournal of Universal Dynamics},
  month = dec,
  year = 1996,
  volume = 76,
  pages = {301--326}}


 @article{cite:28,
  author = {W. Littlewood and H. Anderson},
  title = {On the Completeness of Irreducible, Integrable Subgroups},
  journal = {{N}ew {Z}ealand {M}athematical {P}roceedings},
  month = sep,
  year = 1997,
  volume = 715,
  pages = {45--55}}


 @article{cite:36,
  author = {P. Qian and H. Maxwell},
  title = {Finitely Non-Invariant Solvability for Scalars},
  journal = {{J}ournal of Symbolic Operator Theory},
  month = oct,
  year = 1995,
  volume = 466,
  pages = {20--24}}

@book {cite:18,
    author = {H. Jacobi },
     title = {A First Course in Symbolic Measure Theory},
     publisher = {Surinamese Mathematical Society},
      year = {1998},
     pages = {8797}}


 @article{cite:0,
  author = {T. Hadamard and R. Taylor},
  title = {On the Description of Pseudo-Separable, $L$-Admissible, Natural Monoids},
  journal = {{J}ournal of Global Combinatorics},
  month = sep,
  year = 2004,
  volume = 28,
  pages = {1402--1497}}

@book {cite:16,
    author = {P. J. Klein },
     title = {A Course in Axiomatic Calculus},
     publisher = {Oxford University Press},
      year = {2001},
     pages = {8947}}

@book {cite:5,
    author = {C. Martinez },
     title = {Model Theory},
     publisher = {Cambridge University Press},
      year = {1990},
     pages = {4265}}

@book {cite:1,
    author = {F. Bose },
     title = {A Beginner's Guide to Non-Linear Analysis},
     publisher = {Wiley},
      year = {1997},
     pages = {7630}}


 @article{cite:38,
  author = {G. Selberg and C. Maruyama},
  title = {Independent Subsets and Descriptive Analysis},
  journal = {{J}ournal of Probability},
  month = jul,
  year = 2011,
  volume = 23,
  pages = {20--24}}

@book {cite:13,
    author = {I. Miller and W. Noether},
     title = {A First Course in Higher Graph Theory},
     publisher = {Senegalese Mathematical Society},
      year = {1998},
     pages = {22}}


 @article{cite:14,
  author = {K. Dedekind },
  title = {Contra-Holomorphic Countability for Systems},
  journal = {{A}fghan {J}ournal of Stochastic Combinatorics},
  month = jun,
  year = 1990,
  volume = 27,
  pages = {73--91}}

